@misc{nextjs_caching,
  author = {{Next.js Documentation}},
  title = {NextJS Caching},
  year = {2025},
  url = {https://nextjs.org/docs/app/building-your-application/caching},
  note = {Acessado em 07 Mar. 2025}
}

@misc{nextjs_ssg,
  author = {{Next.js Documentation}},
  title = {Static Site Generation (SSG)},
  year = {2025},
  url = {https://nextjs.org/docs/pages/building-your-application/rendering/static-site-generation},
  note = {Acessado em 07 Mar. 2025}
}

@misc{nextjs_ssr,
  author = {{Next.js Documentation}},
  title = {Server-Side Rendering (SSR)},
  year = {2025},
  url = {https://nextjs.org/docs/pages/building-your-application/rendering/server-side-rendering},
  note = {Acessado em 07 Mar. 2025}
}

@misc{redis_official,
  author = {{Redis Documentation}},
  title = {Redis Caching for Microservices},
  year = {2025},
  url = {https://redis.io/learn/howtos/solutions/microservices/caching},
  note = {Acessado em 07 Mar. 2025}
}

@misc{redis_geeksforgeeks,
  author = {{Geeks for Geeks}},
  title = {Redis Cache},
  year = {2025},
  url = {https://www.geeksforgeeks.org/redis-cache/},
  note = {Acessado em 07 Mar. 2025}
}

@misc{supabase_jwt,
  author = {{Supabase Documentation}},
  title = {JWT Authentication in Supabase},
  year = {2025},
  url = {https://supabase.com/docs/guides/auth/jwts},
  note = {Acessado em 07 Mar. 2025}
}

@misc{repository_vs_active_record,
  author = {Shiiyan},
  title = {Active Record Pattern vs Repository Pattern: Making the Right Choice},
  year = {2025},
  url = {https://medium.com/@shiiyan/active-record-pattern-vs-repository-pattern-making-the-right-choice-f36d8deece94},
  note = {Acessado em 07 Mar. 2025}
}
